@misc{cheng2024zest,
      title={ZeST: Zero-Shot Material Transfer from a Single Image}, 
      author={Ta-Ying Cheng and Takuya Narihira and Koki Nagano and Yuki Koyama and Niloy J. Mitra and Varun Jampani},
      year={2024},
      eprint={2404.06425},
      archivePrefix={arXiv},
      primaryClass={cs.CV}
}

@article{gao2024styleshot,
  title={Styleshot: A snapshot on any style},
  author={Gao, Junyao and Liu, Yanchen and Sun, Yanan and Tang, Yinhao and Zeng, Yanhong and Chen, Kai and Zhao, Cairong},
  journal={arXiv preprint arXiv:2407.01414},
  year={2024}
}

@inproceedings{lopes2024material,
  title={Material Palette: Extraction of Materials from a Single Image},
  author={Lopes, Ivan and Pizzati, Fabio and de Charette, Raoul},
  booktitle={Proceedings of the IEEE/CVF Conference on Computer Vision and Pattern Recognition (CVPR)},
  year={2024}
}

@inproceedings{qi2024deadiff,
  title={{DEADiff}: An Efficient Stylization Diffusion Model with Disentangled Representations},
  author={Qi, Tianhao and Wang, Guansong and Zhang, Yipeng and Chen, Zuhan and Dong, Jian and Liu, S. and Han, Xiaoshuai},
  booktitle={Proceedings of the IEEE/CVF Conference on Computer Vision and Pattern Recognition (CVPR)},
  year={2024}
}

@article{wang2024instantstyle,
  title={InstantStyle: Free Lunch towards Style-Preserving in Text-to-Image Generation},
  author={Wang, Haofan and Spinelli, Matteo and Wang, Qixun and Bai, Xu and Qin, Zekui and Chen, Anthony},
  journal={arXiv preprint arXiv:2404.02733},
  year={2024}
}

@article{xing2024csgo,
  title={CSGO: Content-Style Composition in Text-to-Image Generation},
  author={Peng Xing and Haofan Wang and Yanpeng Sun and Qixun Wang and Xu Bai and Hao Ai and Renyuan Huang and Zechao Li},
  journal={arXiv preprint arXiv:2408.16766},
  year={2024}
}

@misc{yang2024multiparty,
      title={Multi-party Collaborative Attention Control for Image Customization}, 
      author={Han Yang and Chuanguang Yang and Qiuli Wang and Zhulin An and Weilun Feng and Libo Huang and Yongjun Xu},
      year={2024},
      eprint={2505.01428},
      archivePrefix={arXiv},
      primaryClass={cs.CV}
}

@inproceedings{shi2023freedom,
  title={FreeDoM: Training-Free Energy-Guided Conditional Diffusion Model},
  author={Shi, Yinhuai and Yu, Jiwen and Zhang, Jian},
  booktitle={Proceedings of the IEEE/CVF International Conference on Computer Vision (ICCV)},
  pages={23174--23185},
  year={2023}
}